@manual{problem1 ,
title = "Python Tutorial",
organization = "Tutorials Point",
note = "\url{https://www.tutorialspoint.com/python/}",
}
@manual{ problem2,
title = "Become a git guru.",
organization = "BItBucket",
note = "\url{https://www.atlassian.com/git/tutorials}",
}
@manual{ problem3,
title = "Python Software Foundation",
organization = "Python 3.7.1rc1 documentation",
note = "\url{https://docs.python.org/3/}",
}
